@article{lhoest2021datasets,
  title={Datasets: A community library for natural language processing},
  author={Lhoest, Quentin and del Moral, Albert Villanova and Jernite, Yacine and Thakur, Abhishek and von Platen, Patrick and Patil, Suraj and Chaumond, Julien and Drame, Mariama and Plu, Julien and Tunstall, Lewis and others},
  journal={arXiv preprint arXiv:2109.02846},
  year={2021}
}

@article{roots,
author = {Laurençon, Hugo and Saulnier, Lucile and Wang, Thomas and Akiki, Christopher and Moral, Albert and Scao, Teven and Werra, Leandro and Mou, Chenghao and Ponferrada, Eduardo and Nguyen, Huu and Frohberg, Jörg and Šaško, Mario and Lhoest, Quentin and McMillan-Major, Angelina and Dupont, Gerard and Biderman, Stella and Rogers, Anna and allal, Loubna and Toni, Francesco and Jernite, Yacine},
year = {2023},
month = {03},
pages = {},
title = {The BigScience ROOTS Corpus: A 1.6TB Composite Multilingual Dataset}
}

@article{scao2022bloom,
  title={Bloom: A 176b-parameter open-access multilingual language model},
  author={Scao, Teven Le and Fan, Angela and Akiki, Christopher and Pavlick, Ellie and Ili{\'c}, Suzana and Hesslow, Daniel and Castagn{\'e}, Roman and Luccioni, Alexandra Sasha and Yvon, Fran{\c{c}}ois and Gall{\'e}, Matthias and others},
  journal={arXiv preprint arXiv:2211.05100},
  year={2022}
}

@article{ulvcar2021sloberta,
  title={SloBERTa: Slovene monolingual large pretrained masked language model},
  author={Ul{\v{c}}ar, Matej and Robnik-{\v{S}}ikonja, Marko},
  journal={Proceedings of SI-KDD within the Information Society 2021},
  pages={17--20},
  year={2021}
}

@article{ouyang2022training,
  title={Training language models to follow instructions with human feedback},
  author={Ouyang, Long and Wu, Jeff and Jiang, Xu and Almeida, Diogo and Wainwright, Carroll L and Mishkin, Pamela and Zhang, Chong and Agarwal, Sandhini and Slama, Katarina and Ray, Alex and others},
  journal={arXiv preprint arXiv:2203.02155},
  year={2022}
}

@article{vaswani2017attention,
  title={Attention is all you need},
  author={Vaswani, Ashish and Shazeer, Noam and Parmar, Niki and Uszkoreit, Jakob and Jones, Llion and Gomez, Aidan N and Kaiser, {\L}ukasz and Polosukhin, Illia},
  journal={Advances in neural information processing systems},
  volume={30},
  year={2017}
}

@INPROCEEDINGS{tv_series_subtitles,
  author={Zhang, Leilan and Zhou, Qiang},
  booktitle={2019 Asia-Pacific Signal and Information Processing Association Annual Summit and Conference (APSIPA ASC)}, 
  title={Automatically Annotate TV Series Subtitles for Dialogue Corpus Construction}, 
  year={2019},
  volume={},
  number={},
  pages={1029-1035},
  doi={10.1109/APSIPAASC47483.2019.9023129}
}

@article{bach2022promptsource,
  title={Promptsource: An integrated development environment and repository for natural language prompts},
  author={Bach, Stephen H and Sanh, Victor and Yong, Zheng-Xin and Webson, Albert and Raffel, Colin and Nayak, Nihal V and Sharma, Abheesht and Kim, Taewoon and Bari, M Saiful and Fevry, Thibault and others},
  journal={arXiv preprint arXiv:2202.01279},
  year={2022}
}

@article{Verdonik2013,
  doi = {10.1007/s10579-013-9216-5},
  url = {https://doi.org/10.1007/s10579-013-9216-5},
  year = {2013},
  month = jan,
  publisher = {Springer Science and Business Media {LLC}},
  volume = {47},
  number = {4},
  pages = {1031--1048},
  author = {Darinka Verdonik and Iztok Kosem and Ana Zwitter Vitez and Simon Krek and Marko Stabej},
  title = {Compilation,  transcription and usage of a reference speech corpus: the case of the Slovene corpus {GOS}},
  journal = {Language Resources and Evaluation}
}